% Encoding: UTF-8

@article{宁焕生2010全球物联网发展及中国物联网建设若干思考,
	title={全球物联网发展及中国物联网建设若干思考 [J]},
	author={宁焕生 and 徐群玉},
	journal={电子学报},
	volume={38},
	number={11},
	pages={2590--2599},
	year={2010},
	language = {chinese}
}

@misc{cryptoeprint:2015:312,
	author = {Pierre-Alain Fouque and Thomas Vannet},
	title = {Improving Key Recovery to 784 and 799 rounds of Trivium using Optimized Cube Attacks},
	howpublished = {Cryptology ePrint Archive, Report 2015/312},
	year = {2015},
	note = {\url{http://eprint.iacr.org/}},
}

@misc{cryptoeprint:2008:385,
	author = {Itai Dinur and Adi Shamir},
	title = {Cube Attacks on Tweakable Black Box Polynomials},
	howpublished = {Cryptology ePrint Archive, Report 2008/385},
	year = {2008},
	note = {\url{http://eprint.iacr.org/}},
}

@misc{cryptoeprint:2007:413,
	author = {Michael Vielhaber},
	title = {Breaking ONE.FIVIUM by AIDA an Algebraic IV Differential Attack},
	howpublished = {Cryptology ePrint Archive, Report 2007/413},
	year = {2007},
	note = {\url{http://eprint.iacr.org/}},
}

@misc{cryptoeprint:2007:021,
	author = {Alexander Maximov and Alex Biryukov},
	title = {Two Trivial Attacks on Trivium},
	howpublished = {Cryptology ePrint Archive, Report 2007/021},
	year = {2007},
	note = {\url{http://eprint.iacr.org/}},
}

@article{raddum2006cryptanalytic,
	title={Cryptanalytic Results on TRIVIUM. eSTREAM, ECRYPT stream cipher project, Report 2006/039, 2006},
	author={Raddum, H{\aa}vard},
	journal={Available fro m http://www. ecrypt. eu. org/stream/papersdir/2006/039. ps}
}

@misc{射频技术（RFID）的安全协议,
	author = {yiran4827},
	title = {射频技术（RFID）的安全协议},
	howpublished = {\url{http://www.freebuf.com/articles/terminal/29352.html}},
	year = {2014},
	language = {chinese}
}

